% This file was created with JabRef 2.10.
% Encoding: Cp1252


@Article{Adams1994,
  Title                    = {Seeded region growing},
  Author                   = {Adams, Rolf and Bischof, Leanne},
  Journal                  = {Pattern Analysis and Machine Intelligence, IEEE Transactions on},
  Year                     = {1994},
  Number                   = {6},
  Pages                    = {641--647},
  Volume                   = {16},

  Publisher                = {IEEE}
}

@Article{Ahn2001,
  Title                    = {Least-squares orthogonal distances fitting of circle, sphere, ellipse, hyperbola, and parabola},
  Author                   = {Ahn, Sung Joon and Rauh, Wolfgang and Warnecke, Hans-J{\"u}rgen},
  Journal                  = {Pattern Recognition},
  Year                     = {2001},
  Number                   = {12},
  Pages                    = {2283--2303},
  Volume                   = {34},

  Publisher                = {Elsevier}
}

@PhdThesis{bajard2013numerisation,
  Title                    = {Num{\'e}risation 3D de surfaces m{\'e}talliques sp{\'e}culaires par imagerie infrarouge},
  Author                   = {Bajard, Alban},
  School                   = {Universit{\'e} de Bourgogne},
  Year                     = {2013}
}

@Article{Bajard2012,
  Title                    = {Three-dimensional scanning of specular and diffuse metallic surfaces using an infrared technique},
  Author                   = {Bajard, Alban and Aubreton, Olivier and Bokhabrine, Youssef and Verney, Benjamin and Eren, G{\~A}{\c{k}}nen and Er{\~A}, Ayt{\~A}{\v{z}}l and Truchetet, Frederic and others},
  Journal                  = {Optical Engineering},
  Year                     = {2012},
  Number                   = {6},
  Pages                    = {063603--1},
  Volume                   = {51},

  Publisher                = {International Society for Optics and Photonics}
}

@Article{Burrows2011,
  Title                    = {Thermographic detection of surface breaking defects using a scanning laser source},
  Author                   = {Burrows, Susan E and Dixon, S and Pickering, Simon G and Li, Teng and Almond, Darryl P},
  Journal                  = {NDT \& E International},
  Year                     = {2011},
  Number                   = {7},
  Pages                    = {589--596},
  Volume                   = {44},

  Publisher                = {Elsevier}
}

@Article{Canny1986,
  Title                    = {A computational approach to edge detection},
  Author                   = {Canny, John},
  Journal                  = {Pattern Analysis and Machine Intelligence, IEEE Transactions on},
  Year                     = {1986},
  Number                   = {6},
  Pages                    = {679--698},

  Publisher                = {IEEE}
}

@Article{Chojnacki2000,
  Title                    = {On the fitting of surfaces to data with covariances},
  Author                   = {Chojnacki, Wojciech and Brooks, Michael J and Van Den Hengel, Anton and Gawley, Darren},
  Journal                  = {Pattern Analysis and Machine Intelligence, IEEE Transactions on},
  Year                     = {2000},
  Number                   = {11},
  Pages                    = {1294--1303},
  Volume                   = {22},

  Publisher                = {IEEE}
}

@Book{Cielo1987,
  Title                    = {Optics-based techniques for the characterization of composites and ceramics},
  Author                   = {Cielo, Paolo and Maldague, Xavier and Krapez, Jean-Claude and Lewak, Richard},
  Publisher                = {Springer},
  Year                     = {1987}
}

@Article{Eren2009,
  Title                    = {Scanning from heating: 3D shape estimation of transparent objects from local surface heating},
  Author                   = {Eren, Gonen and Aubreton, Olivier and Meriaudeau, Fabrice and Sanchez Secades, LA and Fofi, David and Naskali, A Teoman and Truchetet, Frederic and Ercil, Aytul},
  Journal                  = {Optics Express},
  Year                     = {2009},
  Number                   = {14},
  Pages                    = {11457--11468},
  Volume                   = {17},

  Publisher                = {Optical Society of America}
}

@Article{Ermert1984,
  Title                    = {Noncontact thermal-wave imaging of subsurface structure with infrared detection},
  Author                   = {Ermert, H and Dacol, FH and Melcher, RL and Baumann, T},
  Journal                  = {Applied Physics Letters},
  Year                     = {1984},
  Number                   = {12},
  Pages                    = {1136--1138},
  Volume                   = {44},

  Publisher                = {AIP Publishing}
}

@Article{fernandes2015fiber,
  Title                    = {Fiber orientation assessment in complex shaped parts reinforced with carbon fiber using infrared thermography},
  Author                   = {Fernandes, Henrique-Coelho and Maldague, Xavier},
  Journal                  = {Quantitative InfraRed Thermography Journal},
  Year                     = {2015},
  Number                   = {ahead-of-print},
  Pages                    = {1--16},

  Publisher                = {Taylor \& Francis}
}

@Article{Fitzgibbon1999,
  Title                    = {Direct least square fitting of ellipses},
  Author                   = {Fitzgibbon, Andrew and Pilu, Maurizio and Fisher, Robert B},
  Journal                  = {Pattern Analysis and Machine Intelligence, IEEE Transactions on},
  Year                     = {1999},
  Number                   = {5},
  Pages                    = {476--480},
  Volume                   = {21},

  Publisher                = {IEEE}
}

@Article{Hammiche1996,
  Title                    = {Sub-surface imaging by scanning thermal microscopy},
  Author                   = {Hammiche, A and Pollock, HM and Song, M and Hourston, DJ},
  Journal                  = {Measurement Science and technology},
  Year                     = {1996},
  Number                   = {2},
  Pages                    = {142},
  Volume                   = {7},

  Publisher                = {IOP Publishing}
}

@Article{Li2011,
  Title                    = {Crack imaging by scanning pulsed laser spot thermography},
  Author                   = {Li, Teng and Almond, Darryl P and Rees, D Andrew S},
  Journal                  = {NDT \& E International},
  Year                     = {2011},
  Number                   = {2},
  Pages                    = {216--225},
  Volume                   = {44},

  Publisher                = {Elsevier}
}

@Article{Maldague1996,
  Title                    = {Pulse phase infrared thermography},
  Author                   = {Maldague, Xavier and Marinetti, Sergio},
  Journal                  = {Journal of Applied Physics},
  Year                     = {1996},
  Number                   = {5},
  Pages                    = {2694--2698},
  Volume                   = {79},

  Publisher                = {AIP Publishing}
}

@Article{Maldague2002,
  Title                    = {Introduction to NDT by active infrared thermography},
  Author                   = {Maldague, Xavier PV},
  Journal                  = {Materials Evaluation},
  Year                     = {2002},
  Number                   = {9},
  Pages                    = {1060--1073},
  Volume                   = {60},

  Publisher                = {[Evanston, Ill.]: Society for Nondestructive Testing, 1964-}
}

@Article{meriaudeau20113d,
  Title                    = {3D Scanning of Transparent Objects by means of Non Conventional Imaging Techniques},
  Author                   = {Meriaudeau, Fabrice and Rantoson, Rindra and Eren, G{\"o}nen and Sanchez-Secades, Louis and Bajard, Alban and Aubreton, Olivier and Ferraton, Mathias and Fofi, David and Mohammed, Iqbal and Morel, Olivier and others},
  Journal                  = {Depth Map and 3D Imaging Applications: Algorithms and Technologies},
  Year                     = {2011},
  Pages                    = {1},

  Publisher                = {IGI Global}
}

@Article{Oswald-Tranta2012,
  Title                    = {Fusion of geometric and thermographic data for automated defect detection},
  Author                   = {Oswald-Tranta, Beata and O Leary, Paul},
  Journal                  = {Journal of Electronic Imaging},
  Year                     = {2012},
  Number                   = {2},
  Pages                    = {021108--1},
  Volume                   = {21},

  Publisher                = {International Society for Optics and Photonics}
}

@InProceedings{Vidas2013,
  Title                    = {3D thermal mapping of building interiors using an RGB-D and thermal camera},
  Author                   = {Vidas, Stephen and Moghadam, Peyman and Bosse, Michael},
  Booktitle                = {Robotics and Automation (ICRA), 2013 IEEE International Conference on},
  Year                     = {2013},
  Organization             = {IEEE},
  Pages                    = {2311--2318}
}

@Article{Wu1998,
  Title                    = {Lock-in thermography for nondestructive evaluation of materials},
  Author                   = {Wu, Datong and Busse, Gerd},
  Journal                  = {Revue g{\'e}n{\'e}rale de thermique},
  Year                     = {1998},
  Number                   = {8},
  Pages                    = {693--703},
  Volume                   = {37},

  Publisher                = {Elsevier}
}

